@article{SCINUM,
  author =    {Stefan van der Walt, S. Chris Colbert and Gael Varoquaux},
  title =     {The NumPy Array: A Structure for Efficient Numerical Computation},
  year =      {2011},
  journal= {Computing in Science and Engineering},
  volume= {13},
  pages={22-30},
}

@Manual{sympy,
title = {SymPy: Python library for symbolic mathematics},
author = {{SymPy Development Team}},
year = {2014},
note = "\url{http://www.sympy.org}",
}

@Misc{cplex,
    title  = {{IBM ILOG CPLEX Optimizer}},
    howpublished =  "\url{http://www-01.ibm.com/software/commerce/optimization/cplex-optimizer/index.html}",
    howpublished="Accessed on : December 2014"
    }